2216 3736
256 1161 292 1186 10

257 2107 293 2134 20

258 2515 295 2544 25

335 258 433 306 854
879 258 1060 297 saneti
1092 258 1302 297 Hilarii
1335 258 1585 309 episcopi

334 406 633 455 absolutione
654 413 986 454 consummat:
1027 421 1118 453 non
1142 422 1365 466 pecorum
1390 406 1600 467 speciem
1627 417 1769 470 atque
1791 407 2018 455 uirtutem
2050 424 2137 458 nec

335 489 654 548 pretiosarum
683 487 935 536 domorum
966 488 1056 535 (leo
1097 492 1380 536 ornamenta
1420 487 1660 549 placuisse
1691 518 1751 522 —-
1781 504 1886 551 qua*
1926 490 2138 538 maxima

335 578 407 618 est
456 568 679 617 humanae
729 569 968 630 opinionis
1018 569 1230 618 ambitio.
1284 569 1462 618 habere
1514 585 1660 632 equos
1711 570 1909 629 nobiles.
1967 571 2138 620 domos

336 649 560 711 pulchras
583 680 644 684 —
667 651 751 699 sed
776 650 965 712 placere
987 656 1171 699 tantum
1193 652 1461 709 timentem,
1483 660 1757 712 sperantem
1783 658 1829 700 et
1850 658 2135 716 potestatem

337 733 411 781 dei
453 741 497 781 et
539 732 916 781 misericordiam
957 748 1040 794 spe
1082 742 1306 796 metuque
1344 739 1619 782 testantem.
1694 734 1970 783 misericors
2011 735 2136 783 enirn

337 823 381 863 et
422 819 591 875 potens
631 820 714 873 est,
756 814 834 878 qui
875 815 1015 863 dixit:
1076 815 1175 878 qui
1233 816 1441 863 credit
1496 816 1552 863 in
1596 831 1700 874 me,
1752 833 1867 864 non
1908 817 2139 865 iudica-

337 896 518 953 bitur,
547 898 654 945 sed
684 904 820 944 tran
840 896 961 945 siet·
988 898 1057 945 de
1087 902 1283 945 morte
1312 914 1335 945 a
1355 897 1381 945 d
1411 898 1634 955 uitam3
1674 907 1717 946 et
1741 907 1910 958 potens
1933 907 2137 947 mortem

337 979 587 1027 demutare
626 978 723 1026 uita
764 982 809 1027 et
848 978 1124 1027 misericors
1163 979 1322 1027 iudicii
1364 995 1590 1027 amouere
1636 987 1866 1028 terrorem
1920 980 2141 1028 dominus

337 1065 500 1109 noster
541 1060 674 1108 lesus
716 1059 949 1119 Christus,
990 1061 1069 1123 qui
1110 1065 1182 1109 est
1225 1061 1506 1110 benedictus
1549 1061 1593 1108 in
1634 1061 1809 1110 sucula
1837 1062 2139 1111 saeculorum.

337 1158 495 1191 amen.

953 1291 1244 1355 PSALMUS
1292 1291 1520 1354 CXLVH.

1092 1401 1391 1451 Alleluia.

410 1497 630 1555 Lauda,
681 1496 1101 1556 Hierusalem.
1142 1499 1474 1549 dominum.
1517 1499 1702 1546 lauda
1740 1499 1915 1547 deum
1957 1504 2140 1554 tuum,

337 1579 483 1626 Sion
525 1583 570 1627 et
607 1578 806 1642 reliqua.

419 1674 452 1722 1.
494 1673 555 1722 Et
596 1673 705 1723 huic
745 1674 942 1736 psalmo,
983 1680 1034 1723 ut
1072 1675 1128 1734 ei,
1174 1676 1254 1739 qui
1296 1682 1406 1725 ante
1446 1676 1743 1737 superiorem
1784 1677 1882 1733 suit,
1923 1677 2143 1741 Aggaei

338 1761 395 1805 et
434 1756 770 1807 Zachariae.
810 1772 918 1805 cum
958 1757 1004 1805 in
1046 1757 1286 1807 hebraicis
1314 1774 1407 1806 non
1437 1763 1575 1817 extet,
1615 1774 1793 1807 nomen
1822 1759 2139 1808 adscribitur:

337 1847 387 1887 ut
443 1844 489 1886 et
545 1854 629 1900 per
683 1838 813 1888 hunc
870 1845 914 1888 et
970 1856 1056 1901 per
1113 1856 1207 1898 eos,
1266 1840 1387 1889 sicut
1428 1841 1646 1902 superius
1692 1841 1892 1891 ostendi.
1951 1847 2144 1890 :eternae

340 1920 618 1969 Hierusales
658 1921 911 1984 prophetia
950 1927 1113 1983 posset
1150 1921 1378 1986 intellegi.

409 2004 451 2051 2.
485 2003 704 2062 Lauda.
728 2004 1151 2063 Hierusalem,
1175 2005 1502 2064 dominum,
1532 2004 1717 2054 lauda
1747 2007 1923 2054 deum
1965 2012 2145 2065 tuum,

341 2086 502 2134 Sion.
576 2102 667 2133 non
710 2085 870 2135 differt
909 2086 1215 2136 Hierusalem
1257 2104 1282 2135 a
1323 2086 1460 2146 Sion;
1499 2104 1610 2135 nam
1641 2089 1906 2137 secundum
1935 2087 2144 2136 locorum

340 2168 534 2216 nomina
572 2168 705 2217 urbis
746 2169 893 2229 ipsius
933 2169 1063 2217 locus
1102 2168 1231 2218 idem
1272 2179 1364 2218 est:
1405 2170 1491 2218 sed
1530 2170 1778 2218 nominum
1814 2170 2143 2233 interpretatio

338 2250 588 2314 geminam
646 2250 771 2299 lianc
827 2250 1045 2311 eiusdem
1103 2251 1236 2299 urbis
1299 2252 1809 2301 commemorationem
1873 2251 2144 2301 necessario

341 2332 666 2381 desiderabat.
726 2332 1030 2382 Hierusalem
1075 2334 1200 2382 enim
1245 2339 1316 2382 est
1355 2334 1526 2383 ciuitas
1554 2334 1700 2395 pacis.
1754 2340 1798 2382 et
1825 2335 1938 2398 quia
1965 2333 2146 2383 domini

340 2415 489 2463 nostri
513 2431 719 2479 regnum
750 2415 794 2462 in
824 2431 941 2475 pace
965 2422 1011 2464 et
1032 2416 1351 2465 unanimitate
1373 2420 1649 2465 sanctorum
1676 2422 1746 2465 est
1768 2446 1830 2450 —
1854 2421 1910 2464 et
1938 2417 1993 2464 t'a
2011 2432 2033 2465 c
2051 2422 2147 2464 tus

342 2502 448 2553 est,
489 2497 657 2561 inquit,
697 2497 753 2545 in
797 2514 949 2559 pace
989 2497 1161 2547 loeus
1202 2498 1337 2546 eius
1367 2529 1444 2556 —‚
1486 2504 1751 2547 conuentus
1779 2498 1856 2546 ille
1884 2499 2148 2557 beatorum,

342 2579 420 2642 qui
462 2580 536 2628 «lei
588 2595 795 2644 regnum
847 2584 931 2639 est.
993 2580 1295 2628 Hierusalem
1354 2585 1599 2643 tamquam
1660 2581 1830 2629 ciuitas
1886 2581 2019 2641 pacis
2076 2585 2146 2629 est

410 2733 434 2770 6
466 2729 552 2770 Iob.
586 2731 634 2781 Y,
665 2733 729 2770 24.
789 2733 841 2771 24
871 2731 936 2770 l's.
967 2731 1136 2782 LXXV,
1169 2734 1206 2772 3.

410 2870 434 2908 2
466 2868 782 2919 praetiosarum
819 2869 853 2907 H
939 2869 963 2908 3
994 2881 1152 2918 aequos
1183 2868 1350 2908 nobiles
1383 2868 1421 2907 R
1451 2867 1617 2907 nobiles
1648 2880 1780 2918 equos
1799 2868 1841 2905 la*
1923 2867 2072 2907 domos
2104 2882 2149 2907 esc

341 2936 492 2976 domus
527 2937 563 2975 Ιί
648 2939 674 2976 4
704 2936 907 2988 pulchras
953 2951 998 2976 es
1039 2936 1211 2987 pulcras
1254 2952 1301 2974 m.
1337 2936 1357 2974 l
1390 2937 1427 2975 R
1514 2938 1537 2976 5
1568 2939 1755 2976 testante
1787 2936 1825 2975 lc
1912 2937 1932 2973 7
1966 2937 2148 2975 transiet

345 3006 429 3043 (llav
456 3004 615 3044 transit
646 3006 684 3044 Je.
770 3005 822 3045 ad
853 3004 988 3045 uitam
1011 3005 1108 3043 (lin
1141 3004 1276 3044 uitam
1295 3005 1380 3044 1312*
1463 3009 1504 3044 et
1536 3009 1687 3056 potens
1723 3004 1832 3043 (flea
1865 3008 1928 3044 est
1958 3008 2109 3056 potens
2131 3018 2148 3041 ε

666 3081 708 3101 ue

341 3117 366 3154 8
398 3114 548 3154 iudicii
581 3128 726 3154 amore
762 3119 798 3150 (i
830 3114 990 3153 iudicia
1022 3123 1196 3154 mouere
1217 3116 1252 3153 l:
1338 3116 1362 3151 9
1392 3115 1448 3153 sic
1483 3116 1531 3164 (ι’,
1564 3113 1710 3153 inscia
1740 3128 1850 3166 supr.
1880 3128 1954 3153 scr.
1988 3128 2035 3151 m.
2069 3113 2089 3152 l
2111 3114 2148 3152 I<

343 3183 385 3222 in
404 3183 674 3222 saeculorum
704 3185 741 3222 J?
766 3183 961 3235 Explicit
992 3183 1105 3234 psals
1130 3182 1300 3223 (JXLUI
1332 3182 1487 3234 incipit
1518 3183 1635 3233 psals
1660 3182 1851 3223 ‹³XLU11
1887 3186 1923 3219 (ι’
1954 3181 2149 3233 Explicit

343 3252 531 3303 psalmus
565 3251 735 3292 ‹1X12U1
782 3252 881 3302 incp
914 3251 1103 3290 CXLVII
1137 3252 1175 3290 R
1264 3253 1312 3291 14
1344 3251 1386 3289 in
1428 3250 1528 3290 Sion
1561 3251 1598 3289 lc
1688 3253 1734 3290 16
1765 3250 1808 3289 in
1840 3250 2078 3290 haebraicis
2109 3250 2147 3289 R

346 3322 393 3359 17
412 3324 458 3359 ut
477 3334 552 3371 per
569 3320 682 3360 hune
704 3321 739 3359 It'
798 3319 966 3359 ostendi
989 3322 1048 3358 (ie
1065 3320 1335 3359 ostendimus
1356 3320 1416 3358 ΙῖΙι
1477 3321 1527 3360 18
1544 3319 1780 3359 hierusales
1802 3322 1839 3355 (ι’
1862 3319 2091 3358 ierusalem
2110 3318 2148 3357 R

342 3389 395 3428 20
426 3388 688 3428 saecundum
722 3389 760 3427 R
845 3390 897 3428 23
928 3388 1203 3428 desiderabat
1237 3389 1272 3427 R
1316 3387 1608 3427 aA-csidetrahat
1641 3386 1723 3437 (Ῥῖ)
1759 3390 1808 3427 (ι’.
