2216 3736
154 1164 190 1189 10

152 1984 188 2008 211

231 254 329 302 868
782 254 960 293 sanati
994 252 1201 292 Hilarii
1235 253 1485 303 episcopi

231 403 483 451 creationis
522 403 787 450 secundum
836 402 1073 462 originem
1115 403 1188 450 dei
1229 402 1690 465 similitudinemque
1731 404 1898 451 sortita
1937 410 2035 451 est:

231 486 314 533 sed
352 485 524 533 iudicio
564 500 614 533 se
654 483 971 532 immutabilis
999 484 1073 532 dei
1103 486 1370 533 secundum
1401 485 1777 533 demutationem
1810 484 2035 533 humanu*

234 565 494 614 uoluntatis
550 570 693 628 atque
750 566 934 614 arbitrii
991 572 1293 627 temperante
1351 573 1468 616 tum.
1521 567 1631 628 quia
1670 575 1947 627 peccassent
1991 576 2035 615 et

232 652 437 709 agerent
463 647 750 708 puniitenda,
779 648 1009 708 paenitere
1049 664 1114 706 se,
1155 649 1266 712 quia
1304 648 1497 697 fecisset
1532 648 1795 706 hominem,
1835 654 2035 696 testatus

234 735 318 778 est.
395 735 442 777 at
479 745 592 778 uero
631 730 747 790 ipsis
787 729 880 777 illis
919 745 974 777 ex
1014 735 1211 791 peccato
1250 731 1296 778 in
1336 730 1480 778 uitam
1523 730 1797 778 reformatis
1837 731 2037 791 depulsat

234 811 522 872 pzeuitentize
573 810 786 874 querella
836 812 931 859 iam
973 811 1258 873 beneplaciti
1298 813 1343 860 in
1386 828 1463 860 eos
1503 812 1719 861 adfectus
1757 813 2037 860 ostenditur.

234 892 529 942 reconciliati
587 893 716 941 enim
775 908 940 942 sumus
997 909 1080 955 per
1129 910 1299 954 corpus
1351 900 1394 942 et
1432 895 1721 957 sanguinem
1762 893 1940 942 Christi
1981 911 2036 942 ex

234 975 441 1024 inimicis
479 976 524 1023 in
566 974 690 1024 filios
731 976 834 1031 deo,
876 991 985 1024 cum
1028 975 1164 1024 nobis
1204 977 1366 1024 {eterni
1409 976 1672 1024 sacerdotis
1712 975 2031 1036 placationem

234 1057 532 1118 inpaenitenti
561 1063 866 1106 sacramento
901 1058 1240 1119 spopondisset
1276 1057 1513 1119 propheta
1541 1058 1753 1106 dicente:
1796 1058 2035 1106 iurauit

236 1140 538 1197 dominus,
603 1155 717 1187 non
776 1139 1117 1200 ptenit-ebit
1173 1155 1329 1188 eum:
1388 1145 1443 1187 tu
1502 1155 1562 1188 es
1620 1140 1923 1188 sacerdes
1980 1140 2035 1187 in

234 1227 533 1270 {eternum
592 1222 936 1270 secundum
988 1222 1274 1270 ordinem
1327 1221 1833 1271 Melchisedech.
1908 1238 2036 1271 com-

235 1303 462 1364 placitum
521 1319 635 1367 ergo
676 1308 761 1353 est.
815 1305 942 1366 quod
992 1305 1280 1365 inpzenitens
1331 1320 1437 1353 esse
1489 1305 1696 1353 iuratum
1738 1311 1810 1353 est
1849 1305 1906 1367 ei,
1947 1323 2038 1368 quo

234 1390 469 1450 regnante
509 1387 775 1434 secundum
827 1386 1044 1434 ordinem
1087 1386 1467 1449 Melchisedech,
1519 1387 1565 1435 id
1618 1396 1690 1435 est
1739 1387 1953 1450 gentium
1995 1392 2037 1435 et

235 1483 349 1532 rege
389 1474 434 1516 et
472 1470 723 1517 sacerdote
762 1469 971 1529 primum
1014 1470 1281 1518 mansuetis
1321 1469 1463 1527 salus,
1504 1470 1678 1518 deinde
1707 1469 1934 1530 splendor
1968 1477 2038 1517 est

176 1573 188 1599 ·‚
234 1550 414 1598 sanctis
454 1549 776 1599 exultantibus
817 1566 961 1612 super
998 1566 1167 1614 regem
1208 1566 1362 1600 suum.

304 1632 347 1679 4.
390 1632 483 1681 Sed
526 1637 632 1693 post
669 1637 943 1681 sanctorum
996 1632 1199 1697 gloriam
1254 1632 1638 1695 intellegendum
1680 1638 1765 1691 est,
1825 1634 1939 1696 quid
1979 1634 2038 1681 ad

236 1715 409 1762 cant-ici
437 1714 548 1762 noui
575 1713 929 1776 plenitudinem
958 1721 1305 1778 consequatur:
1345 1715 1411 1763 121¹
1429 1717 1736 1764 tabuntur
1774 1716 1830 1763 in
1872 1716 1986 1764 cub
2006 1716 2039 1762 i-

237 1796 405 1845 libus
445 1796 589 1845 suis.
666 1796 1113 1846 exultationes
1166 1798 1263 1846 dei
1304 1799 1362 1846 in
1402 1803 1660 1862 gutture
1717 1813 1943 1853 eorum,
1984 1803 2038 1845 et

237 1878 440 1942 gladii
481 1879 577 1927 bis
617 1879 784 1927 acuti
824 1880 881 1927 in
922 1880 1213 1928 manibus
1259 1881 1555 1941 ipsorum.
1630 1880 1725 1927 iam
1766 1896 1857 1927 non
1899 1878 2038 1928 lacri-

239 1962 331 2009 mis
372 1965 573 2010 st-ratum
631 1961 883 2025 rigabitur,
941 1978 1029 2010 nee
1067 1963 1113 2010 in
1156 1961 1247 2011 hoc
1285 1963 1455 2011 mortis
1506 1978 1703 2023 corpore
1761 1962 2037 2026 degentium

236 2044 294 2091 ob
336 2043 518 2104 peccati
572 2043 908 2092 necessitatem
966 2060 1019 2093 ac
1077 2043 1293 2093 dolorem
1351 2046 1572 2094 noctibus
1629 2043 1833 2108 singulis
1890 2044 2040 2092 lectus

236 2125 485 2174 lauabitur.
560 2127 605 2174 in
665 2125 903 2175 cubilibus
960 2127 1084 2175 enim
1145 2127 1238 2175 iam
1297 2128 1394 2175 suis
1450 2127 1598 2175 sancti
1655 2126 1942 2175 la¹tabuntur
1993 2127 2038 2174 in

234 2207 401 2271 gloria,
443 2214 490 2257 et.
528 2209 586 2256 ob
627 2208 673 2256 id
714 2209 790 2257 dei
832 2208 1148 2258 exultationes
1188 2225 1382 2270 semper
1408 2210 1454 2257 in
1486 2214 1692 2273 gutture.
1768 2225 1851 2270 per
1891 2209 2041 2273 signi-

235 2290 506 2339 ficationem
566 2292 771 2355 gutturis
830 2291 1028 2340 interna·
1085 2292 1394 2341 conscientia»
1450 2297 1743 2353 protestatur
1781 2292 2040 2340 adfectum.

150 2392 187 2418 25
236 2373 320 2421 sed
375 2388 531 2435 neque
588 2373 739 2421 solum
800 2374 845 2421 in
903 2389 1065 2422 eorum
1108 2378 1300 2438 gutture
1340 2373 1563 2422 exultatio
1603 2374 1676 2422 dei
1728 2379 1813 2423 est.
1868 2389 2036 2422 uerum

236 2455 377 2503 etia-m
420 2455 631 2515 ipsorum
673 2472 845 2505 manus
887 2457 959 2504 bis
999 2456 1149 2505 acutis
1188 2456 1364 2520 gladiis
1396 2456 1721 2504 armabuntur.
1800 2455 1900 2504 hacc
1929 2455 2039 2503 filiis

237 2537 350 2585 Sion
415 2538 625 2601 cognitio
690 2539 819 2601 regis
869 2538 1094 2602 indulgit,
1151 2539 1327 2602 quibus
1384 2538 1429 2585 in
1482 2537 1643 2585 choris
1700 2538 2039 2601 tympanisque

238 2619 554 2680 psallentibus
611 2620 846 2681 disposita
902 2621 960 2669 sit
1011 2630 1057 2669 et
1094 2620 1221 2669 salus
1262 2626 1308 2669 et
1346 2620 1497 2683 gloria
1539 2625 1584 2668 et
1623 2619 1784 2668 laetitia
1824 2626 1872 2668 et
1910 2619 2039 2668 exul-

238 2701 350 2749 tatio
409 2707 454 2751 et
503 2707 728 2763 pot-estas.
802 2719 911 2751 nam
973 2708 1255 2764 potestatem
1312 2703 1358 2750 in
1410 2701 1570 2766 gladio
1622 2702 1884 2765 significari
1943 2708 2038 2750 tum

304 2856 327 2891 9
359 2852 426 2892 Ps.
460 2854 566 2902 cix,
597 2855 633 2892 4.

303 2978 327 3015 3
358 2976 498 3027 adque
524 2977 560 3015 13
646 2982 915 3028 temperante
934 2978 1083 3017 Romul.
1102 2982 1392 3029 temperantes
1416 2978 1487 3016 Ru
1574 2985 1664 3017 tum
1701 2978 1847 3016 Romul.
1880 2977 1981 3016 dum
2006 2976 2043 3014 Ιί

239 3049 491 3094 paccassent
538 3046 574 3084 13
660 3048 684 3085 6
717 3046 938 3096 quaerella
985 3047 1022 3085 J:
1118 3049 1141 3084 9
1173 3046 1458 3098 inpaeriitenti
1506 3047 1543 3085 R
1588 3046 1631 3085 in
1679 3045 1972 3097 poenitentiae
2014 3059 2042 3081 π

239 3113 592 3164 impoenitentiae
616 3115 636 3150 h
728 3117 775 3155 lO
806 3128 889 3153 non
908 3113 966 3154 Ιί1
999 3128 1076 3154 nec
1108 3131 1210 3155 corr.
1234 3115 1292 3154 13³
1322 3119 1364 3155 et
1395 3128 1477 3153 non
1501 3116 1521 3151 l1
1611 3117 1654 3155 ll
1689 3113 1982 3154 melchisedeh
2008 3114 2045 3151 le

237 3182 542 3232 complacitum
596 3198 641 3222 αι·
689 3183 981 3234 compacitum
1033 3199 1081 3223 m.
1139 3184 1157 3221 Ι
1204 3185 1242 3223 R
1341 3185 1389 3223 12
1432 3184 1469 3222 ei
1520 3197 1602 3234 quo
1654 3187 1862 3234 regnante
1909 3184 1928 3219 l,
1975 3183 2042 3221 cui

239 3253 445 3299 regnante
465 3251 535 3289 Ιίπ
616 3253 663 3290 19
692 3252 808 3301 gladi
830 3253 866 3291 lc
942 3253 986 3291 21
1026 3252 1166 3292 noetis
1188 3253 1224 3291 le
1299 3254 1351 3292 23
1382 3252 1650 3292 exultatione
1670 3253 1705 3290 l:
1780 3256 1984 3301 gutturae
2004 3252 2041 3289 J:

235 3319 287 3357 ‘24
319 3319 602 3359 eonstientiae
636 3321 673 3358 Ι(
758 3322 806 3360 27
842 3321 1030 3372 indulgit
1064 3322 1099 3360 J<
1146 3322 1218 3373 (qs.
1266 3322 1380 3360 Neue
1425 3322 1623 3360 l-'ormenk
1658 3321 1716 3368 ΙΙ,
1750 3321 1855 3366 4‘27)
1942 3320 2040 3359 tim-

238 3387 444 3437 panisque
478 3388 514 3426 Ι(
599 3390 650 3427 29
683 3388 918 3438 significari
952 3395 1043 3429 tum
1077 3394 1143 3429 (wa
1178 3390 1322 3439 cum‘3')
1360 3390 1505 3428 ltemd.
1539 3388 1833 3439 significantifi
1867 3390 1948 3428 Ιίπ.
