2216 3736
212 1292 247 1319 10

211 1699 250 1727 15

211 2929 248 2956 30

297 231 394 278 880
1047 230 1352 281 Appendix.

297 380 602 439 interpretari
643 378 876 430 uolumus,
917 394 1010 425 non
1052 378 1326 427 declamare
1365 409 1423 412 —
1455 396 1509 427 eo
1547 380 1696 442 igitur
1735 387 1965 442 tempore.
2006 398 2099 445 quo

296 460 551 509 insurrexit
575 459 844 508 Abessalon
875 469 1042 508 contra
1075 460 1244 513 Dauid,
1272 477 1396 509 unus
1425 463 1482 509 de
1510 462 1676 510 aulicis
1709 462 1876 517 Dauid,
1907 465 2100 512 nomine

297 541 460 599 Chusi,
501 541 650 589 uoluit
688 542 755 589 ire
794 557 899 589 cuin
947 541 1099 589 Dauid
1140 550 1227 590 etc.

328 689 641 769 Explanatio
674 691 739 752 de
774 690 979 768 psalmo
1011 689 1115 752 XV.
1147 706 1215 752 cx
1246 690 1433 753 codice
1465 691 1586 753 olim
1623 692 2070 770 Aquiscinctensi‚

914 816 1053 862 nunc
1085 799 1337 862 Duaceno
1369 801 1491 863 220.

370 941 404 987 l.
448 938 592 987 Tituli
634 938 946 1002 inscriptione
986 944 1282 999 praenotatur
1310 939 1399 987 iste
1428 939 1668 1000 psalmus:
1707 941 1792 988 sed
1822 957 1927 1003 quw
1959 942 2101 990 fui-rit

294 1021 450 1070 Dauid
491 1020 613 1069 tituli
655 1020 917 1082 inscriptio,
958 1022 1003 1068 in
1045 1020 1246 1069 historia
1277 1037 1372 1069 non
1401 1021 1691 1070 inuenirnus.
1769 1028 2099 1072 uerumtanien

294 1102 418 1151 tituli
474 1103 841 1164 inscriptismem
880 1103 927 1151 in
968 1103 1190 1163 passione
1232 1103 1414 1151 domini
1456 1104 1635 1152 factam
1676 1106 2099 1168 rec(›gnosci1nus;

294 1191 339 1234 et
394 1186 560 1249 negari
619 1200 712 1232 non
772 1190 928 1245 potest
985 1185 1251 1233 secundum
1315 1185 1782 1245 interpretationem,
1847 1187 1957 1249 quia
2015 1188 2100 1235 iste

292 1266 510 1328 psalmus
538 1267 596 1315 de
624 1267 847 1328 passione
875 1272 923 1314 et
943 1266 1295 1315 resurrectione
1319 1266 1499 1314 Christi
1523 1266 1841 1328 prophetasse
1864 1269 2099 1321 uideatur,

293 1351 423 1413 quod
462 1349 509 1397 in
549 1348 628 1397 illo
680 1348 779 1398 loco
837 1348 1147 1397 manifestum
1206 1354 1292 1405 est,
1351 1349 1427 1397 ubi
1485 1349 1573 1397 ait:
1632 1350 1923 1412 quoniam
1985 1367 2098 1399 non

294 1431 716 1494 derelinques
756 1431 1027 1478 animam
1070 1446 1260 1479 meam
1318 1431 1375 1478 in
1434 1430 1691 1479 inferno
1748 1447 1859 1480 nec
1918 1433 2100 1481 dabis

293 1519 584 1562 sanctum
648 1519 811 1561 tuum
874 1513 1098 1562 uidere
1161 1513 1658 1574 corruptionem.
1754 1513 1909 1562 Dauid
1973 1515 2098 1562 enim

293 1603 509 1644 mortuus
566 1603 638 1644 est
676 1603 722 1644 et
759 1594 1001 1655 sepultus:
1061 1594 1240 1643 Christi
1297 1601 1456 1644 autem
1516 1611 1622 1643 caro
1679 1595 1777 1644 sola
1835 1612 1925 1643 non
1984 1596 2102 1645 uidit

296 1678 667 1739 corruptionem,
708 1693 795 1726 nec
824 1677 1028 1726 detineri
1058 1677 1210 1738 potuit
1238 1678 1400 1726 anima
1448 1678 1551 1727 eius
1591 1678 1636 1725 in
1678 1678 1879 1726 inferno.
1957 1694 2099 1741 quani

292 1760 351 1808 ob
397 1776 498 1808 rem
546 1760 775 1821 psalmus,
833 1759 913 1823 qui
973 1766 1019 1807 et
1058 1760 1115 1807 de
1155 1760 1378 1820 passione
1418 1760 1519 1808 eius
1570 1767 1614 1808 et
1665 1760 2016 1809 resurrectione
2056 1771 2101 1809 et

292 1842 563 1891 hereditate
603 1842 816 1891 dicturus
856 1846 1000 1903 esset,
1054 1842 1225 1890 merito
1266 1846 1456 1890 notatus
1499 1850 1570 1890 est
1609 1840 1730 1890 tituli
1769 1842 2098 1905 inscriptione.

293 1925 407 1987 quid
448 1924 577 1972 enim
618 1924 666 1972 in
706 1940 757 1973 se
798 1923 968 1973 habuit
1007 1924 1245 1985 scriptura
1279 1923 1417 1982 tituli,
1456 1938 1600 1986 quam
1630 1925 1757 1972 cruci
1787 1924 1890 1972 eius
1919 1923 2099 1972 Pilatus

293 2006 481 2055 affixit?
553 2006 746 2063 Iesus,
786 2006 954 2069 inquit,
995 2023 1099 2055 rex
1142 2006 1348 2055 Iudwo
1366 2022 1505 2054 rum.
1581 2008 1707 2069 quod
1748 2006 1795 2054 in
1835 2022 1884 2054 se
1926 2023 2098 2055 nomen

293 2097 339 2137 et
398 2089 499 2149 ipse
557 2089 808 2137 confessus
865 2094 938 2138 est
993 2089 1297 2152 interogante
1354 2104 1463 2136 eum
1522 2088 1699 2136 Pilato:
1764 2099 1823 2136 tu
1880 2104 1940 2137 es
1997 2105 2099 2137 rex

294 2170 680 2219 Iudaeorum?
730 2172 785 2218 in
829 2170 957 2230 hoc,
998 2171 1164 2234 inquit.
1204 2172 1346 2219 ueni
1389 2171 1537 2219 etin
1580 2170 1688 2219 lioc
1730 2175 1914 2219 natus
1954 2186 2098 2219 suni.

361 2255 402 2301 ⁶2.
446 2253 541 2302 Sed
582 2253 819 2315 numquid
859 2252 1126 2303 carnalium
1168 2253 1437 2301 lutlworum
1482 2268 1563 2301 rex
1596 2251 1828 2307 Christus,
1868 2253 2097 2315 quoniam

293 2340 339 2384 et
376 2335 489 2383 alibi
546 2336 779 2396 scriptum
841 2342 937 2384 est:
996 2351 1086 2398 ego
1137 2342 1298 2384 autem
1357 2336 1642 2384 constitutus
1682 2351 1785 2383 sum
1828 2351 1910 2383 rex
1949 2335 2007 2382 ab
2048 2351 2101 2382 eo

293 2433 439 2478 super
477 2417 588 2466 Sion
632 2423 843 2465 montem
873 2422 1095 2466 sanctum
1125 2418 1265 2466 eius?
1322 2433 1414 2464 non
1442 2417 1606 2480 utique
1633 2416 1838 2465 arbitror
1867 2417 1911 2464 in
1942 2423 2101 2465 monte

236 2519 249 2545 3
295 2499 386 2548 hoc
426 2506 628 2557 terreno,
669 2500 749 2563 qui
790 2504 863 2548 est
902 2500 948 2547 in
991 2499 1167 2553 Iudaea,
1206 2515 1411 2562 regnum
1451 2515 1476 2546 a
1517 2507 1649 2560 patre
1689 2499 1855 2547 datum
1895 2499 2100 2555 domino,

294 2582 426 2630 cuius
466 2581 657 2630 czrleste
697 2598 904 2645 regnum
944 2581 1187 2643 apostolus
1226 2582 1378 2641 docet,
1419 2582 1542 2630 sicut
1581 2587 1626 2629 et
1662 2581 1816 2642 ipsa-m
1855 2581 2099 2629 ciuitatem

295 2663 601 2713 Hierusalem
653 2680 745 2711 non
797 2663 920 2712 hanc
978 2662 1158 2712 Christi
1210 2679 1316 2712 esse
1355 2664 1576 2721 ostendit,
1626 2679 1731 2726 qua‘
1789 2678 1916 2711 nunc
1955 2663 2101 2711 seruit

294 2763 400 2795 cum
440 2745 550 2794 filiis
589 2746 702 2803 suis,
742 2746 827 2794 sed
866 2745 1011 2802 illam,
1069 2762 1173 2809 quze
1230 2762 1424 2794 sursum
1481 2751 1566 2806 est,
1624 2752 1825 2793 matrem
1886 2750 2098 2793 nost-rain

294 2827 509 2885 liberam,
567 2827 808 2877 calestem
849 2827 1171 2876 Hierusalem.
1245 2828 1309 2876 ita
1349 2843 1435 2876 nec
1476 2826 1647 2875 horum
1690 2827 1977 2876 Iuda‘orum.
2018 2826 2097 2888 qui

295 2911 565 2960 circumcisi
607 2914 718 2959 sunt
757 2909 1120 2958 circumcisione
1160 2926 1306 2958 manu
1348 2910 1486 2966 tacta,
1544 2910 1628 2958 sed
1687 2909 1807 2958 sicut
1857 2908 2100 2969 apostolus

295 2993 455 3041 docuit
492 2993 682 3041 dicens:
741 2993 888 3056 quia
944 3008 1057 3040 non
1116 2998 1209 3041 est
1266 2991 1367 3040 liic
1423 2992 1682 3051 Indicus,
1739 2991 1842 3054 qui
1897 2989 2098 3051 palam

295 3076 566 3130 uidetur,
606 3091 808 3138 neque
850 3074 962 3122 illa
1001 3074 1430 3125 circumcisio.
1484 3089 1615 3137 quae
1666 3074 1723 3121 in
1776 3088 1965 3122 carne
2003 3072 2098 3130 sit,

296 3159 402 3206 sed
462 3157 876 3205 circumcisio
931 3157 1160 3209 cordis,
1218 3157 1398 3205 cuius
1457 3155 1593 3205 laus
1650 3171 1765 3203 non
1806 3171 1871 3202 ex
1913 3153 2099 3201 liomi-

296 3239 494 3289 nibus.
536 3240 640 3287 sed
683 3255 749 3286 ex
790 3239 900 3287 (leo
941 3246 1057 3286 est:
1098 3246 1143 3287 et
1184 3255 1272 3285 non
1316 3238 1483 3286 horum
1519 3237 1785 3285 ludaeorum
1830 3253 1908 3284 rex
1950 3235 2095 3292 lesus,

365 3366 386 3402 7
420 3362 609 3413 hystoria
703 3364 747 3401 19
782 3361 1004 3400 iudeorum
1039 3370 1071 3399 rt
1103 3363 1158 3400 sir·
1188 3376 1354 3414 srmper.
