2216 3736
350 263 448 312 816
898 261 1078 300 sancti
1110 261 1325 300 Hilarii
1358 262 1611 312 episcopi

416 412 458 459 4.
499 412 674 459 Manus
714 411 863 473 igitur
902 411 1003 458 eius
1043 410 1225 458 edoctae
1263 413 1323 459 ad
1364 410 1543 459 bellum
1596 419 1719 468 sunt,
1777 429 1882 460 cum
1925 413 2147 462 szcculum

347 494 519 541 uincit:
578 509 691 555 ego
748 492 923 550 enim,
978 493 1055 550 ait,
1113 493 1238 542 uici
1292 494 1609 551 mundum3
1668 510 1773 542 cum
1829 501 2054 543 extensus
2104 497 2149 544 in

348 590 541 623 crucem
581 574 914 623 inuictissimis
953 575 1101 622 armis
1151 575 1300 635 ipsius
1340 575 1578 637 passionis
1629 576 1901 624 instruitur:
1954 586 2011 626 et
2063 595 2152 638 po-

348 656 558 714 suisti,
598 657 766 719 inquit,
809 663 869 704 ut
919 672 1128 704 arcum
1179 673 1401 706 a=reum
1444 657 1709 705 brachia
1749 674 1904 717 meag
1943 674 2053 708 curn
2094 661 2150 709 de

286 759 302 783 .-,
348 738 572 786 onmihus
610 738 866 786 uirtutibus
906 754 960 786 ac
999 739 1317 799 potestatibus
1356 739 1402 786 in
1443 739 1547 802 ipso
1588 757 1637 788 se
1696 750 1873 801 tropico
1930 741 2152 805 gloriosae

270 1172 305 1197 10

272 2029 309 2055 20

276 2891 312 2918 30

350 821 505 869 crucis
561 820 849 881 triumphat:
908 830 964 869 et
1020 821 1429 882 principatus
1492 828 1549 869 et
1609 826 1969 882 potestates
2027 823 2149 871 enim

350 903 640 951 traduxit
667 918 798 950 cum
839 903 1082 951 fiducia
1122 903 1527 964 triumphans
1561 904 1750 952 cosin
1779 905 2152 965 semctipso;

350 1001 456 1034 cuni
518 985 801 1033 dissidentia
853 985 978 1034 inter
1017 1001 1067 1033 se
1107 985 1317 1033 calestia
1354 990 1400 1034 et
1437 991 1627 1034 terrena
1684 985 1927 1046 pacificat:
1986 992 2042 1034 ct
2096 987 2152 1035 in

350 1068 499 1128 ipso.
539 1067 705 1130 inquit,
743 1066 1166 1115 reconciliari
1223 1067 1431 1115 omnia
1486 1067 1543 1115 in
1601 1084 1745 1130 oum,
1788 1068 2153 1128 pacificans

352 1165 458 1210 per
497 1149 874 1212 sanguinem
917 1149 1128 1198 crucis
1179 1165 1299 1198 suae
1338 1150 1475 1198 siue
1515 1165 1647 1213 quae
1703 1150 1761 1197 in
1802 1159 1974 1198 terra
2012 1156 2157 1199 sunt

352 1232 486 1280 siue
550 1246 680 1294 quae
741 1231 800 1278 in
857 1231 1047 1280 cadis.
1125 1232 1183 1279 ad
1243 1231 1332 1280 hoc
1387 1231 1536 1295 igitur
1594 1231 1770 1280 bellum
1830 1248 1999 1280 manus
2056 1233 2154 1281 eius

351 1315 531 1362 edocta}
560 1320 681 1371 sunt,
710 1314 757 1361 in
785 1329 878 1376 quo
906 1329 1046 1362 arcus
1074 1314 1183 1362 {urei
1212 1314 1478 1362 certamine
1504 1314 1717 1364 uincunt.
1757 1314 2155 1364 dehonestatione

352 1401 568 1457 potentes
619 1395 992 1456 triumphantur,
1042 1411 1162 1456 pace
1214 1396 1586 1445 reconciliantur
1640 1396 1851 1445 inimica.
1925 1398 2011 1445 sed
2051 1404 2157 1457 post

351 1494 579 1526 manuum
631 1477 806 1526 bellum
860 1478 1078 1527 succedit
1116 1482 1164 1526 et
1201 1478 1458 1542 digitorum
1512 1478 1746 1539 prwlium.
1820 1479 1976 1526 omnis
2028 1479 2155 1527 enim

291 1561 398 1609 5111
456 1577 509 1609 eo
567 1559 763 1609 habitus
821 1566 867 1609 et
922 1576 1088 1625 pugna
1142 1561 1380 1622 passionis
1436 1561 1718 1610 ostenditur.
1794 1577 1967 1609 manus
2024 1561 2152 1609 enim

352 1643 676 1692 extenduntur
714 1647 760 1691 et
798 1642 936 1706 digiti
973 1643 1283 1706 configuntur
1308 1643 1355 1691 in
1383 1642 1580 1704 palmis:
1620 1650 1759 1691 uetus
1787 1642 1971 1692 scilicet
1997 1642 2155 1692 chiro-

352 1724 596 1789 graphum
652 1726 916 1773 secundum
966 1724 1237 1786 apostolum
1288 1724 1457 1774 delens
1507 1730 1553 1774 et
1590 1725 1811 1788 adfigens
1863 1724 1978 1772 illud
2029 1725 2154 1774 cruci

353 1807 497 1856 etiam
538 1823 619 1856 eas
660 1812 822 1867 partes
862 1823 1092 1855 manuum
1133 1812 1480 1856 commemorat
1516 1807 1563 1854 in
1605 1807 1785 1868 proelio.
1834 1823 1943 1855 cum
1984 1807 2156 1869 quibus

354 1890 511 1938 omnia
552 1895 768 1938 ueterum
809 1889 1065 1938 criminum
1106 1894 1303 1950 peccata
1343 1890 1529 1938 confixa
1567 1899 1692 1938 sunt..

425 2013 466 2061 5.
507 2012 695 2061 Dehinc
733 2013 974 2076 sequitur:
1032 2013 1487 2062 misericordia
1544 2028 1672 2060 mea
1729 2017 1783 2060 et
1836 2012 2157 2075 refugium

356 2111 561 2152 meum,
626 2102 963 2158 susceptor
1025 2111 1192 2144 meus
1255 2101 1312 2144 et
1367 2095 1682 2144 liberator
1738 2110 1907 2143 meus
1965 2111 2027 2142 es
2083 2098 2156 2154 tu,

354 2186 687 2239 protector
737 2194 905 2227 meus
956 2186 1013 2227 et
1063 2178 1120 2225 in
1173 2178 1309 2239 ipso
1349 2177 1624 2241 speraui.
1698 2182 1866 2225 carent
1902 2176 1993 2224 ista
2032 2174 2155 2223 diffi-

354 2261 542 2309 cultate.
619 2260 781 2309 onmia
820 2260 949 2309 enim
989 2260 1035 2308 in
1075 2260 1342 2324 euangeliis
1383 2260 1473 2309 ista
1510 2265 1647 2323 gesta
1683 2259 1741 2307 ab
1770 2276 1823 2307 eo
1850 2263 1995 2322 atque
2035 2258 2160 2307 dicta

356 2348 477 2400 sunt,
543 2348 594 2390 ut
648 2342 882 2392 honorem
941 2343 1205 2392 maiestatis
1263 2347 1474 2403 paterna*
1514 2358 1599 2403 per
1636 2340 1925 2390 humilitatis
1983 2345 2158 2388 nostrae

299 2449 310 2464 2
358 2424 726 2483 confessionem,
766 2441 973 2488 quorum
1014 2424 1234 2473 habitum
1272 2425 1623 2485 adsumpserat,
1664 2424 1960 2484 praaiicaict.

428 2548 471 2596 6.
513 2548 638 2597 Illud
677 2553 850 2607 autem,
910 2551 1037 2612 quod
1076 2548 1162 2597 ait:
1221 2548 1554 2596 subiciens
1612 2546 1904 2608 populum
1965 2560 2156 2593 meum

358 2648 423 2679 su
442 2631 470 2678 b
511 2647 555 2678 m
573 2650 613 2693 e,
654 2646 747 2679 non
786 2647 843 2679 ex
881 2647 1089 2692 persona
1136 2631 1276 2679 unius
1328 2630 1508 2678 Iudaici
1560 2629 1718 2690 populi
1777 2630 1957 2677 dictum
1999 2627 2159 2676 existi-

361 2715 591 2762 mandum
649 2718 734 2772 est,
791 2729 899 2762 cum
956 2713 1323 2761 uniuersitatem
1377 2711 1593 2761 ecclesiae
1648 2727 1792 2759 unum
1843 2709 2073 2771 populum
2112 2709 2158 2756 in

362 2796 545 2857 psalmo
606 2795 697 2843 alio
758 2795 1112 2857 nuncupauerit
1173 2795 1367 2844 dicens:
1443 2793 1736 2856 populus.
1801 2809 1915 2856 que
1933 2808 1979 2840 m
2043 2807 2156 2839 non

360 2878 642 2942 cognoui.
684 2878 955 2927 seruiuit
1008 2877 1172 2926 mihi.
1247 2878 1373 2941 quod
1414 2882 1574 2926 autem
1616 2877 1758 2924 etiam
1799 2874 1891 2929 hic,
1933 2874 2010 2937 qui
2052 2889 2158 2921 eum

428 3045 452 3082 ε)
483 3043 570 3083 Ioh.
604 3043 715 3094 xvi,
747 3044 811 3083 33.
871 3044 895 3082 6
928 3042 1086 3081 ‹joloss.
1119 3043 1170 3092 n,
1206 3043 1266 3082 15.
1325 3043 1350 3081 s
1382 3041 1539 3081 coloss.
1572 3041 1601 3090 1,
1633 3042 1697 3081 20.
1756 3042 1807 3080 29
1838 3039 1904 3078 Ps.
1935 3039 2065 3089 xvn,
2094 3039 2161 3077 45.

429 3197 453 3232 3
484 3193 753 3245 passionibus
775 3194 814 3232 R
900 3193 1107 3232 introitur
1124 3191 1175 3242 (5²)
1201 3194 1268 3231 (ir
1352 3194 1378 3231 4
1408 3191 1579 3230 bruccia
1597 3191 1648 3241 (2³)
1675 3191 1713 3230 G
1797 3192 1821 3230 5
1852 3190 2058 3240 trophaeo
2082 3188 2164 3227 RE

359 3269 511 3313 tropea
545 3263 581 3300 (ι’
667 3265 691 3302 6
722 3261 921 3301 triumfat
955 3262 1034 3300 GR
1124 3263 1171 3300 12
1202 3261 1385 3300 uincunt
1419 3261 1456 3299 (ι’
1500 3259 1693 3299 uincitur
1739 3259 1821 3297 RE
1910 3260 1955 3296 13
1986 3256 2160 3296 inimica

364 3331 444 3370 GR
483 3331 649 3370 inimici
692 3332 733 3369 J«)
832 3332 880 3370 16
926 3330 966 3368 111
1012 3330 1187 3381 psalmis
1237 3329 1275 3367 (ἶ
1360 3328 1625 3379 cirografum
1674 3329 1711 3364 (τ’
1756 3326 2075 3378 cyrographum
2124 3324 2158 3362 R

361 3403 412 3439 26
445 3399 659 3439 subiciens
693 3421 740 3425 —
775 3399 921 3438 dicens
954 3400 1128 3438 omisisse
1158 3398 1332 3437 uidetur
1367 3399 1404 3436 (ι’
1489 3398 1541 3437 ‘28
1574 3396 1613 3434 in
1647 3410 1720 3435 om.
1754 3396 1802 3434 R.
