2216 3736
345 165 441 214 216
879 164 1061 204 sancti
1103 164 1309 204 Hilarii
1353 166 1604 216 episcopi

1010 326 1298 390 PSALMUS
1346 327 1487 388 an.

417 450 705 500 psalmus
740 451 954 510 Dauid,
993 467 1123 500 cum
1165 458 1338 500 esset
1377 452 1433 499 in
1475 452 1732 500 deserto
1774 452 2071 502 Idumsseae.

415 561 574 610 Deus
614 562 764 609 deus
814 576 1000 619 meus,
1050 562 1120 609 ad
1172 565 1227 609 te
1278 560 1565 609 diluculo
1613 561 1816 624 uigilo
1857 572 1899 610 et
1940 563 2141 626 reliqua,

415 670 454 718 1.
499 670 650 718 Dauid
690 670 735 718 in
777 670 970 718 desert-o
1013 669 1255 718 habitasse
1297 669 1414 719 libro
1454 686 1713 734 regnorum
1755 673 2038 720 continetur.
2077 679 2143 733 ut,

344 751 423 815 qui
451 742 703 813 passiones
731 752 911 800 domini
941 751 1296 814 pra=ligurabat,
1336 753 1480 800 etiam
1510 760 1609 800 tum
1633 768 1727 809 ρης,
1767 768 1875 802 cum
1899 755 2141 802 desertum

265 1181 298 1207 lO

347 833 547 892 habitat,
586 833 911 896 prophetaret,
948 834 1200 897 unigenito
1239 834 1327 882 deo
1366 850 1501 897 :eque
1543 835 1587 882 in
1639 836 1829 883 deserto
1886 844 2144 883 moraturo.

344 917 429 964 sed
467 920 517 964 ut
555 920 724 964 sancto
763 916 863 964 uiro
919 932 1182 979 congruum
1236 922 1281 964 et
1338 921 1470 964 tanto
1511 916 1745 977 propheta
1785 922 1888 965 erat
1926 917 2145 980 dignum.

344 1014 449 1046 cum
493 997 740 1046 declinans
790 998 898 1045 odia
947 997 1205 1060 impiorum
1258 997 1498 1046 solitudini
1552 1013 1603 1046 se
1659 998 1885 1048 dedisset.
1927 999 2146 1047 maximis

341 1095 503 1128 rerum
561 1078 822 1128 caelestium
881 1079 1195 1128 sacramentis
1246 1086 1504 1140 occupatur
1554 1085 1600 1128 et
1636 1081 1695 1128 ab
1744 1081 1870 1128 omni
1923 1080 2146 1129 hmnanw

343 1166 423 1210 aut
460 1161 725 1225 impietatis
775 1166 855 1210 aut
904 1161 1220 1225 ignorationis
1259 1167 1384 1210 coetu
1442 1166 1653 1210 remotus
1702 1163 1914 1210 animum
1967 1163 2026 1210 ad
2077 1178 2146 1215 ea,

345 1243 518 1307 quibus
557 1243 843 1292 zeternitatis
883 1243 1094 1307 cognitio
1145 1259 1199 1292 ac
1248 1243 1478 1292 meritum
1519 1245 1877 1307 adquirebatur.
1928 1244 2146 1293 intendit.

343 1342 436 1374 non
486 1330 758 1386 occupatus7
810 1341 904 1373 non
953 1325 1216 1386 impeditus
1273 1326 1603 1374 communium
1664 1342 1820 1374 rerum
1874 1342 1929 1375 ac
1984 1326 2145 1376 saculi

344 1408 483 1466 curie,
521 1408 607 1456 sed
646 1408 692 1455 in
732 1407 811 1455 illo
850 1407 1123 1455 solitudinis
1163 1423 1261 1456 sua)
1300 1408 1463 1470 quieto
1501 1408 1749 1471 otiosoque
1788 1414 1986 1468 secreto,
2036 1424 2146 1457 cum

343 1489 463 1538 nihil
518 1490 564 1537 in
623 1489 797 1548 oculos,
856 1489 903 1537 in
960 1493 1174 1538 mentem
1233 1488 1511 1538 offensionis
1566 1490 1842 1540 incurreret.
1906 1490 2019 1539 solis
2076 1496 2148 1539 est

284 1590 298 1614 ³
347 1571 522 1620 diuinis
562 1571 733 1620 studiis
771 1572 1063 1636 negotiosus,
1120 1578 1167 1620 et
1204 1572 1469 1621 uideamus
1507 1573 1635 1620 unde
1675 1572 1844 1633 psalmi
1887 1588 2047 1622 sermo
2086 1573 2147 1621 sit

343 1659 542 1715 coeptus.

412 1777 456 1826 2.
498 1777 658 1826 Deus
698 1778 850 1826 deus
891 1792 1074 1835 meus,
1114 1778 1185 1824 ad
1226 1777 1389 1825 tede
1429 1776 1564 1825 luce
1605 1777 1824 1841 uigilo.
1868 1778 1976 1827 liuic
2005 1778 2144 1840 plane

344 1860 405 1908 ad
442 1858 815 1923 gratulatirmem
855 1859 1279 1922 cognitionemque
1308 1859 1383 1907 dei
1412 1859 1513 1907 dies
1541 1866 1694 1921 coepta
1726 1870 1809 1909 est.
1850 1860 1923 1909 cui
1955 1860 2145 1908 initium

344 1942 557 2003 idipsum
594 1941 762 1990 orandi
802 1941 863 1990 ad
914 1940 1072 1999 deum,
1123 1942 1250 2004 quod
1302 1940 1419 1989 lu‹·is
1459 1947 1548 1990 est.
1624 1943 1766 1990 deum
1809 1942 2004 2004 quidem
2045 1943 2147 1990 uni-

344 2024 600 2080 uersitatis,
657 2024 743 2072 sed
799 2028 961 2072 tamen
1018 2038 1103 2084 per
1158 2022 1449 2086 cognitionis
1505 2023 1754 2072 scientiam
1815 2025 1954 2072 deum
2008 2040 2141 2073 suum

343 2107 643 2169 deprecatur.

409 2286 433 2323 2
465 2288 578 2324 esset
610 2284 653 2324 in
693 2285 865 2323 deserto
907 2284 959 2323 Ve
999 2283 1103 2323 isset
1134 2283 1177 2322 in
1209 2284 1428 2323 desert-um
1463 2284 1523 2322 Hb
1608 2285 1632 2323 3
1664 2285 1713 2323 (Ιέ
1746 2298 1864 2323 meus
1909 2285 1942 2322 V
2022 2285 2144 2324 delu-

342 2353 438 2392 culo
479 2353 515 2392 V
596 2351 731 2404 uigilo
771 2353 825 2391 Vt>
856 2352 982 2392 uideo
1002 2353 1061 2391 Hb
1148 2353 1172 2389 5
1204 2351 1413 2403 passionis
1453 2352 1486 2390 V
1567 2354 1591 2390 6
1622 2350 1767 2392 habita
1796 2353 1831 2391 V
1914 2353 2144 2404 profetaret

350 2463 424 2502 VR
508 2462 588 2501 deo
620 2477 695 2501 om.
718 2463 790 2500 ΡΤ
873 2428 1091 2523 ῐηοναὶξῑο
1116 2462 1152 2500 Τ
1237 2464 1260 2500 7
1292 2475 1528 2512 congruam
1552 2462 1585 2499 Ι)
1667 2464 1690 2498 9
1722 2473 1759 2501 et
1794 2464 1846 2501 al)
1866 2463 1986 2501 131‘7'
2013 2468 2085 2502 aut
2117 2463 2149 2502 l'

341 2545 455 2583 omni
488 2543 701 2583 humanae
732 2548 806 2584 aut
835 2558 945 2596 supr.
978 2545 1072 2583 add.
1106 2559 1153 2582 m.
1187 2545 1215 2581 2
1243 2543 1277 2583 Γ
1363 2544 1411 2582 10
1442 2555 1490 2582 ea
1521 2557 1565 2582 es
1596 2548 1665 2582 eat
1692 2545 1725 2581 l:
1756 2556 1828 2583 eae
1863 2544 1897 2581 Γ
1980 2547 2025 2584 11
2060 2558 2147 2583 me—

403 2621 426 2640 u

341 2654 470 2694 ritom
506 2655 541 2692 Τ
624 2654 935 2705 adquirebatur
980 2668 1025 2692 ez·
1068 2651 1372 2704 adquiribatur
1413 2668 1461 2691 m.
1509 2654 1537 2691 ¹.)
1581 2654 1613 2691 V
1697 2654 1745 2693 12
1776 2653 2068 2694 communium
2102 2669 2147 2693 ω·

342 2736 663 2777 eommuniaum
697 2750 744 2775 ιιι.
792 2735 821 2774 L)
873 2736 910 2775 V
994 2737 1043 2774 13
1073 2748 1173 2774 suae
1205 2749 1278 2773 mn.
1314 2735 1389 2773 ΡΤ
1475 2736 1523 2774 14
1555 2734 1594 2773 in
1643 2739 1831 2774 mentem
1873 2749 1947 2773 om.
1984 2735 2019 2772 Τ
2057 2735 2149 2781 (sed

923 2812 938 2831 Β

341 2847 514 2899 spatium
549 2845 740 2892 uacuum)
773 2845 1019 2884 eminentur
1038 2844 1130 2883 Pet
1161 2843 1204 2883 in
1222 2846 1412 2883 mentem
1438 2844 1475 2882 E
1529 2843 1776 2883 offensimiis
1801 2845 1834 2882 Ι)
1908 2845 1954 2883 15
1973 2843 2146 2895 negotio

343 2956 443 2981 usus
475 2942 513 2980 R
598 2941 787 2992 psalmus
820 2939 889 2986 (us
921 2942 1014 2979 (ald.
1049 2955 1096 2978 m.
1134 2938 1183 2986 2)
1225 2938 1280 2978 sit·
1311 2942 1490 2991 coeptus
1532 2940 1567 2979 V
1654 2942 1699 2979 17
1731 2939 1782 2978 de
1824 2939 1918 2978 luce
1950 2955 1994 2977 121·
2026 2940 2147 3001 leuce

343 3038 446 3063 corr.
468 3038 517 3062 m.
542 3023 571 3062 2
602 3023 637 3062 V
663 3023 855 3063 diluculo
874 3023 912 3062 R
1001 3023 1049 3062 18
1080 3022 1149 3061 cui
1181 3019 1352 3060 initium
1386 3022 1571 3073 idipsum
1605 3021 1756 3061 orandi
1788 3022 1840 3061 ad
1872 3022 1999 3060 ‹leum
2032 3020 2144 3071 quod

346 3091 452 3131 lucis
484 3095 547 3131 est
580 3093 724 3144 scripsi
752 3092 805 3143 ρκ’.
839 3092 965 3131 Aeaci.
995 3104 1035 3142 p.
1066 3088 1137 3137 59,
1170 3089 1239 3129 cui
1286 3089 1327 3128 in
1376 3090 1416 3128 id
1464 3091 1602 3141 ipsum
1648 3090 1797 3129 orandi
1845 3090 1896 3128 ad
1930 3090 2001 3128 ι1ιῖι
2033 3089 2142 3139 quod

345 3160 452 3200 lucis
483 3164 548 3199 est
590 3160 623 3199 V
650 3159 718 3199 eui
750 3159 793 3199 id
824 3159 965 3211 ipsum
996 3158 1147 3198 orandi
1192 3158 1245 3198 ad
1286 3159 1414 3198 ‹leum
1455 3159 1569 3209 quod
1602 3158 1709 3198 lucis
1741 3167 1800 3197 est
1839 3158 1956 3197 131’7·
1987 3159 2078 3204 (sed
2106 3158 2144 3195 in

346 3229 383 3267 Τ
412 3236 497 3275 post
528 3227 635 3267 lueis
668 3232 729 3267 est
761 3229 934 3279 spatium
968 3225 1159 3275 noemma)
1193 3227 1260 3266 cui
1296 3227 1481 3278 idipsum
1522 3226 1672 3266 orandi
1716 3227 1766 3266 ad
1813 3226 1938 3265 deum
1974 3225 2145 3264 initium

344 3297 457 3347 quod
490 3296 597 3335 lueis
639 3301 700 3336 est
740 3297 776 3334 lv]
857 3298 910 3336 20
940 3295 1041 3334 ᾶῆῑῃ
1075 3309 1198 3335 suuui
1237 3295 1271 3333 Ι)
1352 3297 1399 3334 ‘21
1435 3296 1720 3346 depraecetur
1762 3295 1885 3333 l'lssl’.
